<?xml version="1.0" encoding="UTF-8"?><record xmlns="http://www.loc.gov/MARC21/slim" xmlns:cinclude="http://apache.org/cocoon/include/1.0" xmlns:zs="http://www.loc.gov/zing/srw/">
  <leader>00531nz  a2200145n  4500</leader>
  <controlfield tag="001">n  82081856 </controlfield>
  <controlfield tag="003">DLC</controlfield>
  <controlfield tag="005">19840322000000.0</controlfield>
  <controlfield tag="008">820722n| acannaab|          |a aaa |||  </controlfield>
  <datafield tag="010" ind1=" " ind2=" ">
    <subfield code="a">n  82081856 </subfield>
  </datafield>
  <datafield tag="040" ind1=" " ind2=" ">
    <subfield code="a">DLC</subfield>
    <subfield code="c">DLC</subfield>
  </datafield>
  <datafield tag="100" ind1="1" ind2="0">
    <subfield code="a">Rupp, Hans,</subfield>
    <subfield code="d">1907-</subfield>
  </datafield>
  <datafield tag="400" ind1="1" ind2="0">
    <subfield code="a">Rupp, Hans Georg,</subfield>
    <subfield code="d">1907-</subfield>
  </datafield>
  <datafield tag="670" ind1=" " ind2=" ">
    <subfield code="a">His Staatsvertreter, 1938.</subfield>
  </datafield>
  <datafield tag="670" ind1=" " ind2=" ">
    <subfield code="a">EuropaĚische Gerichtsbarkeit und nationale Verfassungsgerichtsbarkeit, 1981:</subfield>
    <subfield code="b">t.p. (Hans Rupp) p. 514 (Professor Dr., ehemaliger Richter am Bundesverfassungsgericht, MuĚnsingen-Apfelstetten)</subfield>
  </datafield>
</record>